%% IEICE Transaction
@string{ieicetis = "IEICE Transactions on Information and Systems"}

%% TSE
@string{ieeetse = "IEEE Transactions on Software Engineering"}

%% IEEE Software
@string{ieeesoftw = "IEEE Software"}

%% ICSE
@string{icse14 = "Proceedings of the 35th International Conference on Software Engineering (ICSE 2014)"}
@string{icse13 = "Proceedings of the 35th International Conference on Software Engineering (ICSE 2013)"}
@string{icse12 = "Proceedings of the 34th International Conference on Software Engineering (ICSE 2012)"}
@string{icse11 = "Proceedings of the 33rd International Conference on Software Engineering (ICSE 2011)"}
@string{icse10 = "Proceedings of the 32nd International Conference on Software Engineering (ICSE 2010)"}
@string{icse09 = "Proceedings of the 31st International Conference on Software Engineering (ICSE 2009)"}
@string{icse08 = "Proceedings of the 30th International Conference on Software Engineering (ICSE 2008)"}
@string{icse07 = "Proceedings of the 29th International Conference on Software Engineering (ICSE 2007)"}
@string{icse06 = "Proceedings of the 28th International Conference on Software Engineering (ICSE 2006)"}
@string{icse05 = "Proceedings of the 27th International Conference on Software Engineering (ICSE 2005)"}
@string{icse04 = "Proceedings of the 26th International Conference on Software Engineering (ICSE 2004)"}
@string{icse03 = "Proceedings of the 25th International Conference on Software Engineering (ICSE 2003)"}
@string{icse02 = "Proceedings of the 24th International Conference on Software Engineering (ICSE 2002)"}
@string{icse01 = "Proceedings of the 23rd International Conference on Software Engineering (ICSE 2001)"}
@string{icse00 = "Proceedings of the 22nd International Conference on Software Engineering (ICSE 2000)"}
@string{icse08comp = "Proceedings of Companion of the 30th International Conference on Software Engineering(ICSE Companion 2008)"}

%% ASE
@string{ase05 = "Proceedings of the 20th IEEE/ACM International Conference on Automated Software Engineering (ASE 2005)"}
@string{ase06 = "Proceedings of the 21st IEEE/ACM International Conference on Automated Software Engineering (ASE 2006)"}
@string{ase07 = "Proceedings of the 22nd IEEE/ACM International Conference on Automated Software Engineering (ASE 2007)"}

%% APSEC
@string{apsec06 = "Proceedings of the 13th Asia Pacific Software Engineering Conference (APSEC 2006)"}
@string{apsec08 = "Proc. of the 15th Asia-Pacific Software Engineering Conference"}
@string{apsec11 = "Proc. of the 18th Asia-Pacific Software Engineering Conference"}

%% FSE
@string{fse11 = "Proceedings of the 8th joint meeting of the European Software Engineering Conference and the ACM SIGSOFT Symposium on the Foundations of Software Engineering (ESEC/FSE 2011)"}
@string{fse10 = "Proceedings of the 18th ACM SIGSOFT International Symposium on Foundations of Software Engineering (FSE 2010)"}
@string{fse09 = "Proceedings of the 7th joint meeting of the European Software Engineering Conference and the ACM SIGSOFT Symposium on the Foundations of Software Engineering (ESEC/FSE 2009)"}

%% IEICE Journals
@string{ieice_journal_ja = "電子情報通信学会論文誌"}
@string{ieice_journal_en = "The Journal of the Institute of Electronics, Information and Communication Engineers"}
@string{ieice_journal_en_d = "IEICE Transactions on Information and Systems"}

%% IEICE Technical Reports
@string{ieice_tech_ss = "電子情報通信学会技術研究報告. SS, ソフトウェアサイエンス"}

%% IPSJ Journals
@string{ipsj_journal_ja = "情報処理学会論文誌"}
@string{ipsj_journal_en = ""}

%% METRICS
@string{metrics05 = "In Proc. the 11th IEEE International Software Metrics Symposium(METRICS 2005)"}

%% MSR
@string{msr13 = "Proceedings of the 10th Working Conference on Mining Software Repositories (MSR 2013)"}
@string{msr11 = "Proceedings of the 8th Working Conference on Mining Software Repositories (MSR 2011)"}
@string{msr08 = "Proceedings of the 5th Working Conference on Mining Software Repositories (MSR 2008)"}
@string{msr06 = "Proceedings of the 3rd International Workshop on Mining Software Repositories (MSR 2006)"}
@string{msr05 = "Proceedings of the 2nd International Workshop on Mining Software Repositories (MSR 2005)"}
@string{msr04 = "Proceedings of the 1st International Workshop on Mining Software Repositories (MSR 2004)"}

%% WCRE
@string{wcre06 = "Proceedings of the 13th Working Conference on Reverse Engineering(WCRE 2006)"}

@proceedings{APSEC2008,
  year = 2008,
  booktitle = {Proc. of the 15th Asia-Pacific Software Engineering Conference},
  series = {APSEC'08},
}

@proceedings{APSEC2011,
  year = 2011,
  booktitle = {Proc. of the 18th Asia-Pacific Software Engineering Conference},
  series = {APSEC'11},
}

%% ASE
@proceedings{ASE2011,
  year = 2011,
  booktitle = {Proc. of the 26th IEEE/ACM International Conference on Automated Software Engineering},
  series = {ASE'11},
}

%% CHASE
@string{chase14 = "Proceedings of the 7th International Workshop on Cooperative and Human Aspects of Software Engineering (CHASE 2014)"}

%% CHI
@string{chi07 = "Proceedings of the SIGCHI Conference on Human Factors in Computing Systems (CHI 2007)"}

%% ECOOP
@string{ecoop06 = "Proceedings of the 20th European Conference on Object-Oriented Programming (ECOOP 2006)"}

%% FOSE
@string{fose13 = "ソフトウェア工学の基礎XX (FOSE 2013)"}


%% ICSM
@string{icsm10 = "Proceedings of the 26th International Conference on Software Maintenance (ICSM 2010)"}

@proceedings{ICSM2012,
  year = 2012,
  booktitle = {Proc. of the 28th IEEE International Conference on Software Maintenance},
  series = {ICSM'12},
}

@proceedings{ICSM2013,
  year = 2013,
  booktitle = {Proc. of the 29th IEEE International Conference on Software Maintenance},
  series = {ICSM'13},
}

%% IWPC
@string {iwpc02 = "Proceedings of the 10th International Workshop on Program Comprehension (IWPC 2002)"}
@string {iwpc05 = "Proceedings of the 13th International Workshop on Program Comprehension (IWPC 2005)"}

%% IWPSE-EVOL / EVOL / IWPSE
@string{iwpse11 = "Proc. of the 12th International Workshop on Principles on Software Evolution and 7th ERCIM Workshop on Software Evolution (IWPSE-EVOL 2011)"}

@proceedings{IWPSE2004,
  year = 2004,
  booktitle = {Proc. of the 7th International Workshop on Principles of Software Evolution},
  series = {IWPSE'04},
}
@proceedings{EVOL2007,
  year = 2010,
  booktitle = {Proc. of the 3rd International ERCIM Workshop on Software Evolution},
  series = {EVOL'07},
}

%% MSR
@proceedings{MSR2008,
  year = 2008,
  booktitle = {Proc. of the 5th Working Conference on Mining Software Repositories},
  series = {MSR'08},
}

@proceedings{MSR2011,
  year = 2011,
  booktitle = {Proc. of the 8th Working Conference on Mining Software Repositories},
  series = {MSR'11},
}

@proceedings{MSR2013,
  year = 2013,
  booktitle = {Proc. of the 10th Working Conference on Mining Software Repositories},
  series = {MSR'13},
}

%% OOPSLA
@proceedings{OOPSLA2000,
  year = 2000,
  booktitle = {Proc. of the 15th ACM SIGPLAN Conference on Object-oriented Programming, Systems, Languages, and Applications},
  series = {OOPSLA'00},
}

%% PROFES
@string{profes13 = "Proceedings of the 14th International Conference on Product-Focused Software Development and Process Improvement (PROFES 2013)"}
@string{profes10 = "Proceedings of the 11th Product-Focused Software Process Improvement (PROFES 2010)"}

%% REFACE
@string{reface03 = "Proceedings of the 1st International Workshop on {REFactoring: Achievements, Challenges, Effects} (REFACE 2003)"}

%% SAC
@proceedings{SAC2006,
  year = 2006,
  booktitle = {Proc. of the 21st ACM Symposium on Applied Computing},
  series = {SAC'06},
}

%% SEQUENCES
@string{sequences97 = "SEQUENCES1997,Proc. of the Compression and Complexity of Sequences (SEQUENCES 1997)"}

%% SBSE
@string{sbes11 = "Proceedings of the 2011 25th Brazilian Symposium on Software Engineering (SBES 2011)"}

%% SSBSE
@proceedings{SSBSE2013,
  year = 2013,
  booktitle = {Proc. of the 5th International Symposium on Search-Based Software Engineering}, 
  series = {SSBSE'13},
}

%% SERP
@string{serp04 = "Proceedings of the 2004 International Conference on Software Engineering Research and Practice (SERP 20014)"}

%% SoftVis
@string{softvis06 = "Proceedings of the 2006 ACM Symposium on Software Visualization (SOFTVIS 2006)"}

%% WCRE
@string{wcre13 = "Proceedings of the 20th Working Conference on Reverse Engineering (WCRE 2013)"}
@string{wcre10 = "Proceedings of the 17th Working Conference on Reverse Engineering (WCRE 2010)"}
@string{wcre06 = "Proceedings of the 13th Working Conference on Reverse Engineering (WCRE 2006)"}
@string{wcre05 = "Proceedings of the 12th Working Conference on Reverse Engineering (WCRE 2005)"}
@string{wcre03 = "Proceedings of the 10th Working Conference on Reverse Engineering (WCRE 2003)"}

%% WoSQ
@string{wosq07 = "Proceedings of the 5th International Workshop on Software Quality (WOSQ 2007)"}

%% WRT
@string{wrt12 = "Proceedings of the 5th Workshop on Refactoring Tools (WRT 2012)"}
@string{wrt08 = "Proceedings of the 2nd ACM Workshop on Refactoring Tools (WRT 2008)"}
@string{wrt07 = "Proceedings of the 1st ACM Workshop on Refactoring Tools (WRT 2007)"}
