

%%%% この行より上に自分の参考文献を追加すると良いと思います．
%%%% ここより下の行は必要ないと感じたら全部削除しましょう．
%%%%%%%%%%%%%%%%%%%%%%%%%%%%%%%%%%%%%%%%%%%%%%%%%%%%%%%%%%%%%%%%%%%%%%%%%%%%%%
@article{Bellon:TSE2007,
  author  = {Bellon, Stefan and Koschke, Rainer and Antoniol, Giulio and Krinke, Jens and Merlo, Ettore},
  title   = {{Comparison and Evaluation of Clone Detection Tools}},
  journal = ieeetse,
  volume  = {33},
  number  = {9},
  year    = {2007},
  pages   = {577--591},
}

@article{Gelfond:AI2002,
  author  = {Gelfond, Michael and Leone, Nicola},
  title   = {{Logic programming and knowledge representation--The A-Prolog perspective}},
  journal = {Artificial Intelligence},
  volume  = {138},
  number  = {1--2},
  pages   = {3--38},
  year    = {2002},
}

@inproceedings{Bachmann:FSE2010,
  author    = {Bachmann, Adrian and Bird, Christian and Rahman, Foyzur and Devanbu, Premkumar and Bernstein, Abraham},
  title     = {{The Missing Links: Bugs and Bug-Fix Commits}},
  booktitle = fse10,
  pages     = {97--106},
  year      = {2010},
}

@inproceedings{Biegel:MSR2011,
  author    = {Biegel, Benjamin and David Soetens, Quinten and Hornig, Willi and Diehl, Stephan and Demeyer, Serge},
  title     = {{Comparison of similarity metrics for refactoring detection}},
  booktitle = msr11,
  year      = {2011},
  pages     = {53--62},
}

@inproceedings{Bird:FSE2009,
  author    = {Bird, Christian and Bachmann, Adrian and Aune, Eirik and Duffy, John and Bernstein, Abraham and Filkov, Vladimir and Devanbu, Premkumar},
  title     = {{Fair and Balanced? Bias in Bug-Fix Datasets}},
  booktitle = {Proceedings of the 7th joint meeting of the European Software Engineering Conference and the ACM SIGSOFT Symposium on the Foundations of Software Engineering (ESEC/FSE 2009)},
  year      = {2009},
  pages     = {121--130},
}

@inproceedings{Bird:FSE2010,
  author    = {Bird, Christian and Bachmann, Adrian and Rahman, Foyzur and Bernstein, Abraham},
  title     = {{LINKSTER: Enabling Efficient Manual Inspection and Annotation of Mined Data}},
  booktitle = fse09,
  year      = {2010},
  pages     = {369--370},
}

@inproceedings{Boshernitsan:CHI2007,
  author   = {Boshernitsan, Marat and Graham, Susan L. and Hearst, Marti A.},
  title    = {{Aligning Development Tools with the Way Programmers Think About Code Changes}},
  booktitle = chi07,
  year     = {2007},
  pages    = {567--576},
}

@inproceedings{Broder:SEQUENCES1997,
  author = {Broder, Andrei Z.},
  title = {{On the Resemblance and Containment of Documents}},
  booktitle = sequences97,
  year = {1997},
  pages = {21--29},
}

@inproceedings{Choi:WRT2012,
  author    = {Choi, Eunjgon and Yoshida, Norihiro and Inoue, Katsuro},
  title     = {{What Kind of and How Clones Are Refactored?: A Case Study of Three OSS Projects}},
  booktitle = wrt12,
  year      = {2012},
  pages     = {1--7},
}

@inproceedings{Dagenais:ICSE2008,
  author    = {Dagenais, Barth{\'e}l{\'e}my and Robillard, Martin P.},
  title     = {{Recommending Adaptive Changes for Framework Evolution}},
  booktitle = icse08,
  year      = {2008},
  pages     = {481--490},
}

@inproceedings{Dig:ECOOP2006,
  author   = {Dig, Danny and Comertoglu, Can and Marinov, Darko and Johnson, Ralph},
  title    = {{Automated Detection of Refactorings in Evolving Components}},
  booktitle = ecoop06,
  year     = {2006},
  pages    = {404--428},
}

@inproceedings{Dig:ICSE2007,
  author   = {Dig, Danny and Manzoor, Kashif and Johnson, Ralph and Nguyen, Tien N.},
  title    = {{Refactoring-Aware Configuration Management for Object-Oriented Programs}},
  booktitle = icse07,
  year     = {2007},
  pages    = {427--436},
}

@inproceedings{Fischer:WCRE2003,
  author    = {Fischer, Michael and Pinzger, Martin and Gall, Harald},
  title     = {{Analyzing and Relating Bug Report Data for Feature Tracking}},
  booktitle = wcre03,
  year      = {2003},
  pages     = {90--99}
}

@incollection{fujiwara-fose-2013,
  title = {{ソフトウェアリポジトリを対象とした細粒度リファクタリング検出}},
  author = {藤原 賢二 and 吉田 則裕 and 飯田 元},
  booktitle = fose13,
  pages = {101--106},
  year = {2013},
  yomi = {fujiwarakenji},
}

@inproceedings{Fujiwara:PROFES2013,
  author    = {Kenji Fujiwra and Kyohei Fushida and Norihiro Yoshida and Hajimu Iida},
  title     = {{Assessing Refactoring Instances and the Maintainability Benefits of Them from Version Archives}},
  booktitle = profes13,
  year      = {2013},
  pages     = {313--323},
}

@inproceedings{Ge:CHASE2014,
  author = {Ge, Xi and Sarkar, Saurabh and Murphy-Hill, Emerson},
  title = {{Towards Refactoring-Aware Code Review}},
  booktitle = chase14,
  year = {2014},
  pages = {99--102},
}

@inproceedings{Gorg:IWPC2005,
  author   = {G\"{o}rg, Carsten and Wei{\ss}gerber, Peter},
  title    = {{Detecting and Visualizing Refactorings from Software Archives}},
  booktitle = iwpc05,
  year     = 2005,
  pages    = {205--214},
}

@article{Hayashi:IEICETech2010,
  author  = {Shinpei Hayashi and Yasuyuki Tsuda and Motoshi Saeki},
  title   = {{Search-Based Refactoring Detection from Source Code Revisions}},
  journal = ieicetis,
  volume  = {E93-D},
  number  = 4,
  pages   = {754--762},
  year    = 2010,
}

@inproceedings{Hata:IWPSE-EVOL2011,
  author   = {Hata, Hideaki and Mizuno, Osamu and Kikuno, Toru},
  title    = {{Historage: Fine-grained Version Control System for Java}},
  booktitle = iwpse11,
  year     = {2011},
  pages    = {96--100},
}

@inproceedings{Hayashi:WCRE2013,
  author   = {Shinpei Hayashi and Sirinut Thangthumachit and Motoshi Saeki},
  title    = {{REdiffs: Refactoring-Aware Difference Viewer for Java}},
  booktitle = wcre13,
  pages    = {487--488},
  year     = 2013,
}

@inproceedings{Herzig:MSR2013,
  author    = {Kim Herzig and Andreas Zeller},
  title     = {{The Impact of Tangled Code Changes}},
  booktitle = msr13,
  pages     = {121--130},
  year      = 2013,
}

@article{Kamiya:TSE2002,
  author  = {Kamiya, Toshihiro and Kusumoto, Shinji and Inoue, Katsuro},
  title   = {{CCFinder: A Multilinguistic Token-Based Code Clone Detection System for Large Scale Source Code}},
  journal = ieeetse,
  volume  = {28},
  issue   = {7},
  month   = {July},
  year    = {2002},
  pages   = {654--670},
}

%% checked
@inproceedings{KimM:FSE2010,
 author    = {Kim, Miryung and Gee, Matthew and Loh, Alex and Rachatasumrit, Napol},
 title     = {{Ref-Finder: A Refactoring Reconstruction Tool Based on Logic Query Templates}},
 booktitle = fse10,
 year      = 2010,
 pages     = {371--372},
}

@inproceedings{KimM:ICSE2011,
  author    = {Kim, Miryung and Cai, Dongxiang and Kim, Sunghun},
  title     = {{An Empirical Investigation into the Role of API-Level Refactorings during Software Evolution}},
  booktitle = icse11,
  year      = {2011},
  pages     = {151--160},
}

@article{Murphy:IEEESoftware2006,
  author  = {Murphy, Gail C. and Kersten, Mik and Findlater, Leah},
  title   = {{How Are Java Software Developers Using the Eclipse IDE?}},
  journal = ieeesoftw,
  volume  = {23},
  number  = {4},
  month   = {July},
  year    = {2006},
  pages   = {76--83},
}

@inproceedings{MurphyHill:ICSE2008,
  author    = {Murphy-Hill, Emerson and Black, Andrew P.},
  title     = {{Breaking the Barriers to Successful Refactoring: Observations and Tools for Extract Method}},
  booktitle = icse08,
  year      = {2008},
  pages     = {421--430},
}

@inproceedings{MurphyHill:ICSE2009,
  author    = {Murphy-Hill, Emerson and Parnin, Chris and Black, Andrew P.},
  title     = {{How We Refactor, and How We Know it}},
  booktitle = icse09,
  year      = {2009},
  pages     = {287--297}
}

@article{MurphyHill:TSE2012,
  author  = {Murphy-Hill, Emerson and Parnin, Chris and Black, Andrew P},
  title   = {{How We Refactor, and How We Know It}},
  journal = ieeetse,
  year    = {2012},
  volume  = {38},
  number  = {1},
  pages   = {5--18},
  month   = jan
}

%% pages = {7:1--7:5},
@inproceedings{MurphyHill:WRT2008,
  author    = {Murphy-Hill, Emerson and Black, Andrew P. and Dig, Danny and Parnin, Chris},
  title     = {{Gathering Refactoring Data: A Comparison of Four Methods}},
  booktitle = wrt08,
  year      = {2008},
}

@mastersthesis{Oba:Mthesis2013,
  title  = {{ソフトウェアのバージョン間で実施されたリファクタリング検出手法の改良}},
  author = {晋, 大庭},
  year   = {2013},
  school = {信州大学大学院工学系研究科},
  yomi   = {obashin}
}

@inproceedings{Ohkura:APSEC2006,
  author    = {Kimiharu Ohkura and Keita Goto and Noriko Hanakawa and Shinji Kawaguchi and Hajimu Iida},
  title     = {{Project Replayer with email analysis -- revealing contexts in software development}},
  booktitle = apsec06,
  pages     = {453--460},
  year      = {2006},
}

@phdthesis{Opdyke1992,
  title={{Refactoring Object-oriented Frameworks}},
  author={Opdyke, William F.},
  year={1992},
  school={University of Illinois}
}

@inproceedings{Pizka:SERP2004,
  author    = {Markus Pizka},
  title     = {{Straightening Spaghetti-Code with Refactoring?}},
  booktitle = serp04,
  year      = {2004},
  pages     = {846--852}
}

%% pages = {1--10},
@inproceedings{Prete:ICSM2010,
  author    = {Prete, Kyle and Rachatasumrit, Napol and Sudan, Nikita and Kim, Miryung},
  title     = {{Template-based Reconstruction of Complex Refactorings}},
  booktitle = icsm10,
  year      = 2010,
}

@techreport{Prete:TR2010,
  author      = {Prete, Kyle and Rachatasumrit, Napol and Kim, Miryung},
  title       = {A Catalogue of Template Refactoring Rules},
  institution = {The University of Texas at Austin},
  number      = {UTAUSTINECE-TR-041610},
  year        = 2010,
}

@inproceedings{Ratzinger:MSR2008,
  author    = {Ratzinger, Jacek and Sigmund, Thomas and Gall, Harald C.},
  title     = {{On the Relation of Refactorings and Software Defect Prediction}},
  booktitle = msr08,
  year      = {2008},
  pages     = {35--38},
}

%%  volume  = {LNCS 6156},
%%  month = 6
@inproceedings{Raula:PROFES2010,
  title     = {{Analysis of Bug Fixing Processes Using Program Slicing Metrics}},
  author    = {Raula Gaikovina Kula and Kyohei Fushida and Shinji Kawaguchi and Hajimu Iida},
  booktitle = profes10,
  pages     = {32--46},
  year      = {2010},
}

@inproceedings{Robbes:ICSE2008,
  author   = {Robbes, Romain and Lanza, Michele},
  title    = {{SpyWare: A Change-aware Development Toolset}},
  booktitle = icse08,
  year     = {2008},
  pages    = {847--850},
}

@inproceedings{Sliwerski:MSR2005,
  author    = {\'{S}liwerski, Jacek and Zimmermann, Thomas and Zeller, Andreas},
  title     = {{When do changes induce fixes?}},
  booktitle = msr05,
  year      = {2005},
  pages     = {1--5},
}

%% pages = {10},
@inproceedings{Stroggylos:WOSQ2007,
  author    = {Stroggylos, Konstantinos and Spinellis, Diomidis},
  title     = {{Refactoring--Does It Improve Software Quality?}},
  booktitle = wosq07,
  year      = {2007},
}

@inproceedings{Taneja:ASE2007,
 author = {Taneja, Kunal and Dig, Danny and Xie, Tao},
 title = {{Automated Detection of API Refactorings in Libraries}},
 booktitle = ase07,
 year = 2007,
 pages = {377--380},
}

@inproceedings{Weissgerber:ASE2006,
  author = {Peter Wei{\ss}gerber and Stephan Diehl},
  title = {{Identifying Refactorings from Source-Code Changes}},
  booktitle = ase06,
  year = 2006,
  pages = {231--240},
}

@inproceedings{Wu:FSE2011,
  author    = {Wu, Rongxin and Zhang, Hongyu and Kim, Sunghun and Cheung, Shing-Chi},
  title     = {{ReLink: Recovering Links between Bugs and Changes}},
  booktitle = fse11,
  year      = {2011},
  pages     = {15--25},
}

@inproceedings{Zhenchang:ASE2005,
  author    = {Xing, Zhenchang and Stroulia, Eleni},
  title     = {{UMLDiff: An Algorithm for Object-oriented Design Differencing}},
  booktitle = ase05,
  year      = 2005,
  pages     = {54--65},
}

@article{Zhenchang:ASE2007,
  title   = {{Differencing logical UML models}},
  author  = {Xing, Zhenchang and Stroulia, Eleni},
  journal = {Automated Software Engineering},
  number  = 2,
  pages   = {215--259},
  volume  = 14,
  year    = 2007
}

@inproceedings{Zhenchang:ICSE2008,
  author    = {Xing, Zhenchang and Stroulia, Eleni},
  title     = {{The JDEvAn Tool Suite in Support of Object-Oriented Evolutionary Development}},
  booktitle = icse08comp,
  year      = {2008},
  pages     = {951--952},
}

@inproceedings{Zhenchang:WCRE2006,
  author = {Xing, Zhenchang and Stroulia, Eleni},
  title = {{Refactoring Detection Based on UMLDiff Change-Facts Queries}},
  booktitle = wcre06,
  year = 2006,
  pages = {263--274},
}

@inproceedings{Zimmermann:MSR:2004,
	author = {Zimmermann, Thomas and Wei{\ss}gerber, Peter},
	title = {{Preprocessing CVS data for fine-grained analysis}},
	booktitle = msr04,
	year = 2004,
	pages = {2--6},
}

@article{Soares2013,
  author = {Soares, Gustavo and Gheyi, Rohit and Murphy-Hill, Emerson and Johnson, Brittany},
  title  = {{Comparing Approaches to Analyze Refactoring Activity on Software Repositories}},
 journal = {Journal of Systems and Software},
  volume = {86},
  number = {4},
  pages  = {1006--1022},
  year   = {2013},
}

@incollection{Ambros2008,
year={2008},
booktitle={Software Evolution},
title={{Analysing Software Repositories to Understand Software Evolution}},
publisher={Springer},
author={Ambros, Marco D' and C. Gall, Harald and Lanza, Michele and Pinzger, Martin},
pages={37--67},
}

@article{Akito2013,
  title={{『ソフトウェア工学の実証的アプローチ』シリーズ第5回 ソフトウェアリポジトリマイニング}},
  author={門田 暁人 and 伊原 彰紀 and 松本 健一},
  journal={コンピュータ ソフトウェア},
  volume={30},
  number={2},
  pages={52--65},
  year={2013},
}

@article {Raula:SMR2013,
author = {Kula, Raula Gaikovina and Fushida, Kyohei and Yoshida, Norihiro and Iida, Hajimu},
title = {{Micro process analysis of maintenance effort: an open source software case study using metrics based on program slicing}},
journal = {Journal of Software: Evolution and Process},
volume = {25},
number = {9},
pages = {935--955},
year = {2013},
}

@inproceedings{Hassan:FoSM2008,
author = {Hassan, Ahmed E},
title = {{The road ahead for Mining Software Repositories}},
booktitle = {Proceedings of the Frontiers of Software Maintenance (FoSM) at the 24th IEEE International Conference on Software Maintenance (ICSM 2008)},
year = {2008},
pages = {48--57},
publisher = {IEEE}
}

@article{JUNG:IEICE2012,
author = {JUNG, Woosung and LEE, Eunjoo and WU, Chisu},
title = {{A Survey on Mining Software Repositories}},
journal = ieicetis,
year = {2012},
volume = {E95-D},
number = {5},
pages = {1384--1406},
month = {May}
}

@article{Kagdi:JSME2007,
author = {Kagdi, Huzefa and Collard, Michael L and Maletic, Jonathan I},
title = {{A survey and taxonomy of approaches for mining software repositories in the context of software evolution}},
journal = {Journal of Software Maintenance and Evolution: Research and Practice},
year = {2007},
volume = {19},
number = {2},
pages = {77--131},
month = mar
}

@inproceedings{Tu:ICPC2002,
 author = {Qiang Tu and Michael W. Godfrey},
 title = {{An Integrated Approach for Studying Architectural Evolution}},
 booktitle = iwpc02,
 year = {2002},
 pages = {127--136},
}

@inproceedings{MKim:MSR2006,
  author = {Miryung Kim and David Notkin},
  title = {{Program Element Matching for Multi-Version Program Analysis}},
  booktitle = msr06,
  year = {2006},
  pages = {58--64},
}

@article{Kamiya:IEICETech2009,
  author  = {神谷 年洋},
  title   = {{リバースエンジニアリングツールキットRemicsの試作}},
  journal = ieice_tech_ss,
  year    = {2009},
  volume  = {109},
  number  = {170},
  pages   = {7--11},
}

@misc{jdevan,
	author = {Zhenchang Xing},
	title = {{JDEvAn}},
	note = {\url{http://webdocs.cs.ualberta.ca/~stroulia/Zhenchang_Xing_Old_Home/jdevan.html}}
}

@misc{reffinder,
	title = {{Ref-Finder -- A tool to detect refactorings between program versions.}},
	note = {\url{https://webspace.utexas.edu/kp9746/www/reffinder/}}
}

@misc{eclipse,
	title = {{Eclipse}},
	howpublished = "{http://www.eclipse.org/}"
}

@misc{cvs,
	title = "{{CVS}}",
	howpublished = "{http://www.cvshome.org/}"
}

@misc{subversion,
	title = {{Subversion}},
	howpublished = "{http://subversion.tigris.org/}"
}

@misc{bugzilla,
	title = {{Bugzilla}},
	howpublished = "{http://www.bugzilla.org/}"
}

@misc{trac,
	title = {{Trac}},
	howpublished = "{http://trac.edgewall.org/}"
}

@misc{refactoring.com,
	author = {Martin Fowler},
	title = {{Refactoring Home Page}},
	howpublished = {\url{http://refactoring.com/}}
}

@inproceedings{advani-sac2006,
  author   = {Advani, Deepak and Hassoun, Youssef and Counsell, Steve},
  title    = {Extracting Refactoring Trends from Open-source Software and a Possible Solution to the `Related Refactoring' Conundrum},
  crossref = {SAC2006},
  year     = 2006,
  pages    = {1713--1720},
}

@inproceedings{antoniol-iwpse2004,
  author = {Antoniol, Giuliano and Di Penta, Massimiliano and Merlo, Ettore},
  title = {An Automatic Approach to Identify Class Evolution Discontinuities},
  crossref = {IWPSE2004},
  year = 2004,
  pages = {31--40},
}

@article{chidamber-tse1994,
  author  = {Chidamber, S. R. and Kemerer, C. F.},
  title   = {A Metrics Suite for Object Oriented Design},
  journal = {IEEE Transactions on Software Engineering},
  volume  = {20},
  number  = {6},
  pages   = {476--493},
  year    = 1994,
} 

@inproceedings{demeyer-oopsla2000,
 author = {Demeyer, Serge and Ducasse, St{\'e}phane and Nierstrasz, Oscar},
 title = {Finding Refactorings via Change Metrics},
 crossref = {OOPSLA2000},
 pages = {166--177},
 year = 2000,
}

@article{Kamiya:IEICETech2009,
  author  = {神谷 年洋},
  title   = {{リバースエンジニアリングツールキットRemicsの試作}},
  journal = {ieice_tech_ss},
  year    = {2009},
  volume  = {109},
  number  = {170},
  pages   = {7--11},
}

@article{Kamiya:TSE2002,
  author  = {Kamiya, Toshihiro and Kusumoto, Shinji and Inoue, Katsuro},
  title   = {CCFinder: a Multilinguistic Token-Based Code Clone Detection System for Large Scale Source Code},
  journal = {IEEE Transaction on Software Engineering},
  volume  = {28},
  issue   = {7},
  month   = {July},
  year    = {2002},
  pages   = {654--670},
}

@article{Kawaguchi:IEICE2006,
  author  = {川口 真司 and 松下 誠 and 井上 克郎},
  title   = {{版管理システムを用いたクローン履歴分析手法の提案}},
  journal = {ieice_journal_ja},
  number  = {10},
  pages   = {2279--2287},
  volume  = {J89-D},
  year    = {2006},
  yomi    = {かわぐちしんじまつしたまこといのうえかつろう}
}

@article{Kawaguchi:IEICE2006EN,
  title   = {{Clone History Analysis Using Configuration Management System}},
  author  = {Shinji Kawaguchi and Makoto Matsushita and Katsuro Inoue},
  journal = {The Journal of the Institute of Electronics, Information and Communication Engineers},
  number  = {10},
  pages   = {2279--2287},
  volume  = {J89-D},
  year    = {2006},
  note    = {(in Japanese)}
}
@article{Miyake:IEICE2009,
  author  = {三宅 達也 and 肥後 芳樹 and 井上 克郎},
  title   = {{メソッド抽出の必要性を評価するソフトウェアメトリックスの提案}},
  journal = {ieice_journal_ja},
  number  = {7},
  pages   = {1071--1073},
  volume  = {J92-D},
  year    = {2009},
  yomi    = {みやけたつやひごよしきいのうえかつろう},
}

@article{Miyake:IEICE2009EN,
  author  = {Tatsuya Miyake and Yoshiki Higo and Katsuro Inoue},
  title   = {{A Software Metric for Identifying Extract Method Candidates}},
  journal = {ieice_journal_en},
  number  = {7},
  pages   = {1071--1073},
  volume  = {J92-D},
  year    = {2009},
  note    = {(in Japanese)}
}

@inproceedings{Nguyen:OOPSLA2010,
  author    = {Nguyen, H. A. and Nguyen, T. T. and Wilson,Jr., G. and Nguyen, A. T. and Kim, M. and Nguyen, T. N.},
  title     = {{A Graph-based Approach to API Usage Adaptation}},
  booktitle = {Proc. OOPSLA/SPLASH 2010},
  year      = {2010},
  pages     = {302--321},
} 

@article{Yoshida:IPSJ2007,
  author  = {吉田 則裕 and 肥後 芳樹 and 神谷 年洋 and 楠本 真二 and 井上 克郎},
  title   = {{コードクローン間の依存関係に基づくリファクタリング支援}},
  journal = {ipsj_journal_ja},
  number  = {3},
  pages   = {1431--1442},
  volume  = {48},
  year    = {2007},
  yomi    = {よしだのりひろひごよしきかみやとしひろくすもとしんじいのうえかつろう}
}

@inproceedings{Yoshida:METRICS2005,
  author    = {Norihiro Yoshida and Yoshiki Higo and Toshihiro Kamiya and Shinji Kusumoto and Katsuro Inoue},
  title     = {{On Refactoring Support Based on Code Clone Dependency Relation}},
  booktitle = {metrics05},
  pages     = {16:1--16:10},
  year      = {2005}
}

@article{Higo:IPSJ2004,
  author  = {肥後 芳樹 and 神谷 年洋 and 楠本 真二 and 井上 克郎},
  title   = {{コードクローン解析に基づくリファクタリングの試み}},
  journal = {ipsj_journal_ja},
  number  = {5},
  pages   = {1357--1366},
  volume  = {45},
  year    = {2004}
}

@article{Hayashi:IEICE2010,
  author  = {Hayashi, Shinpei and Tsuda, Yasuyuki and Saeki, Motoshi},
  title   = {{Search-Based Refactoring Detection from Source Code Revisions}},
  journal = {ieice_journal_en_d},
  year    = {2010},
  volume  = {E93-D},
  number  = {4},
  pages   = {754--762},
}

@book{lorenz-book1994,
  author = {Lorenz, Mark and Kidd, Jeff},
  publisher = {Prentice Hall},
  title = {Object-Oriented Software Metrics: A Practical Approach},
  year = 1994
}

@techreport{Prete:TR2010,
  author      = {Prete, Kyle and Rachatasumrit, Napol and Kim, Miryung},
  title       = {A Catalogue of Template Refactoring Rules},
  institution = {The University of Texas at Austin},
  number      = {UTAUSTINECE-TR-041610},
  year        = 2010,
}

@inproceedings{Ueda:IESE2002,
  author    = {Ueda, Yasushi and Kamiya, Toshihiro and Kusumoto, Shinji and Katsuro Inoue},
  title     = {{Gemini: Code Clone Analysis Tool}},
  booktitle = {Proceedings of 2002 International Symposium on Empirical Software Engineering(ISESE 2002)},
  year      = {2002},
  pages     = {31--32}
}

@book{hakusyo2009,
author = {独立行政法人　情報処理推進機構（IPA） and ソフトウェア・エンジニアリング・センター（SEC）},
publisher = {日経BP社},
title = {ソフトウェア開発データ白書2009},
year = {2009}
}

@book{fowler,
	author = "Martin Fowler and 児玉 公信(訳) and 友野 晶夫(訳) and 平澤 章(訳) and 梅澤 真史(訳)",
	title = "リファクタリング - プログラミングの体質改善テクニック",
	publisher = "ピアソンエデュケーション",
	year = "2005"
}

@inproceedings {concept,
	author = "Ted J.Biggerstaff and Bharat G.Mitbander and Dallas Webster",
	title = "The Concept Assignment Problem in Program Understanding",
	booktitle = "Proc. of 15th International Conference on Software Engineering(ICSE 1993)",
	pages = "482-498",
	year = "1993"
}

@inproceedings {hbca,
	author = "N. Gold and K. Bennet",
	title = "Hypothesis-based concept assignment in software maintenance",
	booktitle = "IEE Proceedings - Software",
	volume = "149",
	number = "4",
	pages = "103-111",
	year = "2002"
}

@inproceedings {ecs,
	author = "M. Harman, N. Gold, R. Hierons and D. Binkley",
	title = "Code extraction algorithms which unify slicing and concept assignment",
	booktitle = "Proc. of 9th Working Conference on Reverse Engineering(WCRE 2002)",
	pages = "11-22",
	year = "2002"
}

@article {refac1,
	author = "丸山 勝久",
	title = "基本ブロックスライシングを用いたメソッド抽出リファクタリング",
	journal = "情報処理学会論文誌",
	volume = "43",
	number = "3",
	pages = "1625-1637",
	year = "2002"
}

@article {refac2,
	author = "兼光 智子 and 肥後 芳樹 and 楠本 真二",
	title = "プログラム依存グラフを用いたリファクタリング候補の特定と可視化",
	journal = "電子情報通信学会技術報告",
	volume = "110",
	number = "336",
	pages = "61-66",
	year = "2010"
}

@article{refac3,
author = {Nikolaos Tsantalis and Alexander Chatzigeorgiou},
title = {Identification of Extract Method Refactoring Opportunities},
journal ={Software Maintenance and Reengineering, European Conference on},
volume = {0},
issn = {1534-5351},
year = {2009},
pages = {119-128},
doi = {http://doi.ieeecomputersociety.org/10.1109/CSMR.2009.23},
publisher = {IEEE Computer Society},
address = {Los Alamitos, CA, USA},
}

@inbook {cohesion,
	author = "Edward Yourdon and Larry L.Constantine and 原田 実(訳) and 久保 未沙(訳)",
	title = "ソフトウェアの構造化設計法",
	publisher = "日本コンピュータ協会",
	pages = "123-165",
	year = "1986"
}

@article {lcom,
	author = "S.Chidamber and C.Kemerer",
	title = "A Metric Suite for Object-Oriented Design",
	journal = "IEEE Transactions on Software Engineering",
	volume = "20",
	number = "6",
	pages = "476-493",
	year = "1994"
}

@inbook {lcomstar,
	author = "Brian Henderson-Sellers",
	title = "Object-oriented metrics : measures of complexity",
	publisher = "Prentice-Hall",
	pages = "142-147",
	year = "1996"
}

@inproceedings {cob,
	author = "三宅 達也 and 肥後 芳樹 and 井上 克郎",
	title = "メソッド抽出の必要性を評価するソフトウェアメトリックスの提案",
	booktitle = "電子情報通信学会論文誌D",
	volume = "J92-D",
	number = "7",
	pages = "1071-1073",
	year = "2009"
}

@article{mgg,
  author    ="佐藤 浩 and 小野 功 and 小林 重信",
  title     ="遺伝的アルゴリズムにおける世代交代モデルの提案と評価",
  journal   ="人工知能学会誌",
  publisher ="社団法人人工知能学会",
  year      ="1997-09-01",
  volume    ="12",
  number    ="5",
  pages     ="734-744",
}

%% checked
@inproceedings{KimM:FSE2010,
 author = {Kim, Miryung and Gee, Matthew and Loh, Alex and Rachatasumrit, Napol},
 title = {Ref-Finder: A Refactoring Reconstruction Tool Based on Logic Query Templates},
 crossref = {FSE2010},
 year = 2010,
 pages = {371--372},
} 

@inproceedings{Thangthumachit:APSEC2011,
  author   = {Sirinut Thangthumachit and Shinpei Hayashi and Motoshi Saeki},
  title    = {Understanding Source Code Differences by Separating Refactoring Effects},
  crossref = {APSEC2011},
  pages    = {339--347},
  year     = 2011,
}

@inproceedings{Mahouachi:SSBSE2013, 
  author   = {Rim Mahouachi and Marouane Kessentini and Mel {\'{O}} Cinn{\'{e}}ide}, 
  title    = {Search-Based Refactoring Detection Using Software Metrics Variation},
  crossref = {SSBSE2013},
  pages    = {126--140}, 
}

@inproceedings{Fadhel:ICSM2012, 
  author   = {ben Fadhel, A. and Kessentini, M. and Langer, P. and Wimmer, M.}, 
  title    = {Search-based Detection of High-level Model Changes},
  crossref = {ICSM2012},
  pages    = {212--221}, 
  year     = 2012, 
}

%% checked
@inproceedings{Hayashi:APSEC2008,
    author   = {Shinpei Hayashi and Yasuyuki Tsuda and Motoshi Saeki},
    title    = {Detecting Occurrences of Refactoring with Heuristic Search},
    crossref = {APSEC2008},
    pages    = {453--460},
    year     = 2008,
}

%% checked
@inproceedings{Perez:EVOL2007,
  author = {Javier P{\'e}rez and Yania Crespo},
  title = {Exploring a Method to Detect Behaviour-Preserving Evolution Using Graph Transformation},
  crossref = {EVOL2007},
  pages = {114--122},
  year = 2007,
}

@article{Harman:IEEEComputer2011,
  author  = {Mark Harman},
  title   = {Software Engineering Meets Evolutionary Computation},
  journal = {IEEE Computer},
  volume  = 44,
  number  = 10,
  pages   = {31--39},
  year    = 2011,
}

%% checked
@inproceedings{kehrer-ase2011, 
  author   = {Timo Kehrer and Udo Kelter and Gabriele Taentzer}, 
  title    = {A Rule-Based Approach to the Semantic Lifting of Model Differences in the Context of Model Versioning}, 
  crossref = {ASE2011},
  pages    = {163--172}, 
  year     = 2011,
}

@inproceedings{soetens-icsm2013,
  author = {Quinten David Soetens and Javier P{\'{e}}rez and Serge Demeyer},
  title = {{An Initial Investigation into Change-Based Reconstruction of Floss-Refactorings}},
  pages = {384--387},
  crossref = {ICSM2013},
  year= 2013,
}
@INPROCEEDINGS{soetens-csmr12,
  author={Soetens, Q.D. and Demeyer, S.},
  booktitle={Proc. of the 16th European Conference on Software Maintenance and Reengineering},
  series = {CSMR'12},
  title={{ChEOPSJ: Change-Based Test Optimization}},
  year={2012},
  pages={535--538},
}

@book{kerievsky2005,
  title={Refactoring to Patterns},
  author={Kerievsky, Joshua},
  year={2005},
  publisher={Addison-Wesley}
}

@article{Choi2014,
author = {Eunjong Choi and Norihiro Yoshida and Katsuro Inoue},
title = {{An Investigation into the Characteristics of Merged Code Clones during Software Evolution}},
journal = ieicetis,
volume = {E97-D},
number = {5},
year = {2014},
pages = {1244--1253}
}


@article{Mens2004,
  title={{A Survey of Software Refactoring}},
  author={Mens, Tom and Tourw{\'e}, Tom},
  journal= ieeetse,
  volume={30},
  number={2},
  pages={126--139},
  year={2004},
  publisher={IEEE}
}

%% checked
@inproceedings{Mens2003,
  title = {{Refactoring: Emerging trends and open problems}},
  author = {Mens, Tom and Van Deursen, Arie},
  booktitle = reface03,
  year = 2003,
}

@TECHREPORT{Bois2004,
  title={{A Discussion of Refactoring in Research and Practice}},
  institution = {University of Antwerp},
  author={Du Bois, Bart and Van Gorp, Pieter and Amsel, Alon and Van Eetvelde, Niels and Stenten, Hans and Demeyer, Serge and Mens, Tom},
  year={2004}
}


% added by hayashi
@article{Godfrey2005,
  author = {Michael W. Godfrey and Lijie Zou},
  journal = ieeetse,
  title = {{Using Origin Analysis to Detect Merging and Splitting of Source Code Entities}},
  volume = 31,
  number = 2,
  pages = {166--181},
  year = 2005,
}

@inproceedings{Kim2005,
  author = {Sunghun Kim and Kai Pan and E. James Whitehead, Jr.},
  title = {{When Functions Change Their Names: Automatic Detection of Origin Relationships}},
  booktitle = wcre05,
  year = 2005,
  pages = {143--152},
}

%% checked
@inproceedings{soares-sbes-2011,
  author = {Soares, Gustavo and Catao, Bruno and Varjao, Catuxe and Aguiar, Solon and Gheyi, Rohit and Massoni, Tiago},
  title = {{Analyzing Refactorings on Software Repositories}},
  booktitle = sbes11,
  year = {2011},
  pages = {164--173},
}

%% checked
@inproceedings{soares-icse-2010,
  author = {Soares, Gustavo},
  title = {{Making Program Refactoring Safer}},
  crossref = {ICSE2010},
  year = {2010},
  pages = {521--522},
}

@article{soares-ieee-softw-2010,
  author = {Soares, Gustavo and Gheyi, Rohit and Serey, Dalton and Massoni, Tiago},
  title = {{Making Program Refactoring Safer}},
  journal = {IEEE Software},
  issue_date = {July 2010},
  volume = {27},
  number = {4},
  month = jul,
  year = {2010},
  issn = {0740-7459},
  pages = {52--57},
  numpages = {6},
  url = {http://dx.doi.org/10.1109/MS.2010.63},
  doi = {10.1109/MS.2010.63},
  acmid = {1830001},
  publisher = {IEEE Computer Society Press},
  address = {Los Alamitos, CA, USA},
  keywords = {behavior preservation, refactoring, refactoring, behavior preservation, unit testing, software engineering, software engineering, unit testing},
}

@book{Martin1999,
  author    = {Martin Fowler},
  title     = {{Refactoring: improving the design of exsiting code.}},
  publisher = {Addison Wesley},
  year      = {1999}
}

@book{CMMI,
  author    = {Kulpa, Margaret K. and Johnson, Kent A.},
  title     = {{Interpreting the CMMI: A Process Improvement Approach}},
  year      = {2003},
  publisher = {CRC Press, Inc.},
}

@book{ISO9000,
  author    = {Schmauch, Charles H.},
  title     = {{ISO 9000 for Software Developers}},
  year      = {1995},
  edition   = {2nd},
  publisher = {ASQ Quality Press},
}

@book{Lipschutz,
  title={{マグロウヒル大学演習 離散数学 コンピュータサイエンスの基礎数学}},
  author={Seymour Lipschutz and 成嶋 弘(監訳)},
  year={1995},
  publisher={オーム社}
}

@book{Sakai:Redmine,
  title={{Redmineによるタスクマネジメント実践技法}},
  author={小川 明彦 and 阪井 誠},
  year={2010},
  publisher={翔泳社}
}

@inproceedings{kim2007,
  title     = {{Automatic Inference of Structural Changes for Matching across Program Versions}},
  author    = {Kim, Miryung and Notkin, David and Grossman, Dan},
  booktitle = icse07,
  pages     = {333--343},
  year      = 2007
}

@inproceedings{Kim2009,
 author = {Kim, Miryung and Notkin, David},
 title = {{Discovering and Representing Systematic Code Changes}},
 booktitle = icse09,
 pages = {309--319},
 year = 2009
}

@inproceedings{Parnin:2006,
 author = {Parnin, Chris and G\"{o}rg, Carsten},
 title = {{Lightweight Visualizations for Inspecting Code Smells}},
 booktitle = softvis06,
 year = {2006},
 pages = {171--172},
}

@inproceedings{Murphy-Hill2007,
  author    = {Emerson R. Murphy-Hill and Andrew P. Black},
  title     = {{Why Don't People Use Refactoring Tools?}},
  booktitle = wrt07,
  year      = {2007},
  pages     = {60--61},
}

@article{Fluri2007,
  title   = {{Change Distilling: Tree Differencing for Fine-Grained Source Code Change Extraction}},
  author  = {Fluri, Beat and Wursch, Michael and PInzger, Martin and Gall, Harald C},
  journal = ieeetse,
  volume  = {33},
  number  = {11},
  pages   = {725--743},
  year    = {2007},
}

%% checked
@inproceedings{Biegel:2010,
  author = {Benjamin Biegel and Stephan Diehl},
  title = {{Highly Configurable and Extensible Code Clone Detection}},
  booktitle = wcre10,
  year = {2010},
  pages = {237-241},
}